%%%%%%%%%%%%%%%%%%%%%%%%%%%%%%%%%%%%%%%%%%%%%%%%%%%%%%%%%%% Диссертация %%%%%%%%%%%%%%%%%%%%%%%%%%%%%%%%%%%%%%%%%%%%%%%%%%%%%%%%%%%%%%%%%%%%%%%%%%

@book{kazakov,
	Title = {Казаков,\;Ю.\,П. Об организации распределенного имитационного моделирования [Текст]\;/\;Ю.\,П.\;Казаков, Р.\,Л.\;Смелянский. -- М.\;:\;Программирование, №~2, 1994. -- 45-64\;с.},
	language = {russian}
	}
@book{kazakov-disser,
	Title = {Казаков,\;Ю.\,П. Распределенное имитационное моделирование на магистрально-модульных вычислительных системах [Текст]\;/\;Ю.\,П.\;Казаков -- М.\;:\;Диссертация на соискание ученой степени к.ф.м.н., 1992~г.},
	language = {russian}
	}
@book{voz-disser,
	Title = {Вознесенская,\;Т.\,В. Исследование эффективности алгоритмов синхронизации времени для систем распределенного имитационного моделирования [Текст]\;/\;Т.\,В.\;Вознесенская -- М.\;:\;Диссертация на соискание ученой степени к.ф.м.н., 2001~г.},
	language = {russian}
	}
@book{smelyansky,
	Title = {Смелянский,\;Р.\,Л. Модель функционирования распределенных вычислительных систем [Текст]\;/\;Р.\,Л.\;Смелянский. -- М.\;:\;Вестник Московского Университета, №~3, 1990. -- 3-18\;с.},
	language = {russian}
	}
%%%%%%%%%%%%%%%%%%%%%%%%%%%%%%%%%%%%%%%%%%%%%%%%%%%%%%%%%% Законы %%%%%%%%%%%%%%%%%%%%%%%%%%%%%%%%%%%%%%%%%%%%%%%%%%%%%%%%%%%%%%%%%%%%%%%%%%%%%%%%

@zakon{ikso,
	title = {Федеральная служба охраны. Инструкция. О порядке проведения комплексного специального обследования охраняемых объектов, а также трасс проезда (передвижения) объектов государственной охраны [Текст]\;:\; от 27~апреля 2015~г. -- М.},
	language = {russian}
	}
@zakon{konception,
	title = {Концепция строительства и развития федеральных органов государственной охраны на 2011--2020 годы [Текст]\;:\; от 15~марта 2010~г. -- М.\;:\;Утверждена Президентом РФ},
	language = {russian}
	}
@zakon{plenum,
	title = {Российская Федерация. Постановление Пленума Верховного суда Российской Федерации.  О практике применения судами законодательства о воинской обязанности, военной службе и статусе военнослужащих [Текст]\;:\;федер. закон\;:\; от 29~мая 2014~г. -- М.\;:\;Российская газета. -- 4.06.2014.},
	language = {russian}
	}
@zakon{ogo,
	title = {Российская Федерация. Законы. О государственной охране [Текст]\;:\;федер. закон\;:\; [Принят Государственной Думой 24 апреля 1996 года\;:\;Одобрен Советом Федерации 15 мая 1996 года]. -- М.\;:\;Российская газета. -- 1996.},
	language = {russian}
	}
@zakon{TK,
	title = {Российская Федерация. Законы. Трудовой Кодекс Российской Федерации [Текст]\;:\;федер. закон\;:\; [Принят Государственной Думой 21 декабря 2001 года\;:\;Одобрен Советом Федерации 26 декабря 2001 года]. -- М.\;:\;Российская газета. -- 31.12.2001.},
	language = {russian}
	}
@zakon{ostatuse,
	title = {Российская Федерация. Законы. О статусе военнослужащих [Текст]\;:\;федер. закон\;:\; [Принят Государственной Думой 6 марта 1998 года\;:\;Одобрен Советом Федерации 12 марта 1998 года\;:\; Изменен 13 июля 2015 года]. -- М.\;:\;Российская газета. -- 1998.},
	language = {russian}
	}
@zakon{oporyadke,
	title = {Российская Федерация. Законы. Положение о порядке прохождения военной службы [Текст]\;:\;федер. закон\;:\; [Подписан 16 марта 1999 года\;:\;Изменен 20 октября 2015 года]. -- М.\;:\;Российская газета. -- 28.09.1999.},
	language = {russian}
	}
@zakon{fso_omerax,
	title = {Федеральная служба охраны. Распоряжение. О мерах по реализации положений статьи 11 Федерального закона от 27~мая 1998~г. №~76-ФЗ <<О статусе военнослужащих>> в органах государственной охраны (с изменениями, внесенными распоряжением ФСО России от 21~марта 2014~г. №~26/дсп) [Текст]\;:\;от 17 августа 2011 г. №~502.},
	language = {russian}
	}
@zakon{fso_uchet,
	title = {Федеральная служба охраны. Приказ. Об учете служебного времени и предоставлении дополнительных суток отдыха военнослужащим органов государственной охраны, проходящих военную службу по контракту [Текст]\;:\;от 29 ноября 2011 г. №~502.},
	language = {russian}
	}
@zakon{fso_meropr,
	title = {Федеральная служба охраны. Приказ. Об утверждении Перечня мероприятий, которые проводятся при необходимости без ограничения общей продолжительности еженедельного служебного времени военнослужащих органов государственной охраны, проходящих военную службу по контракту [Текст]\;:\;от 29 июля 2011 г. №~423.},
	language = {russian}
	}
@zakon{fso_reglament,
	title = {Федеральная служба охраны. Приказ. Об утверждении регламента служебного времени военнослужащих органов государственной охраны, проходящих военную службу по контракту [Текст]\;:\;от 17 июля 2009 г. №~433.},
	language = {russian}
	}
@zakon{ogo,
	title = {Российская Федерация. Законы. О государственной охране [Текст]\;:\;федер. закон\;:\; [Принят Государственной Думой 24 апреля 1996 года\;:\;Одобрен Советом Федерации 15 мая 1996 года]. -- М.\;:\;Российская газета. -- 1996.},
	language = {russian}
	}

%%%%%%%%%%%%%%%%%%%%%%%%%%%%%%%%%%%%%%%%%%%%%%%%%%%%%%%%%%%%% Книги %%%%%%%%%%%%%%%%%%%%%%%%%%%%%%%%%%%%%%%%%%%%%%%%%%%%%%%%%%%%%%%%%%%%%%%%%%%%%%

@book{zelkovitz,
	Title = {Зелковиц,\;М. Принципы разработки программного обеспечения [Текст]\;/\;М.\;Зелковиц, А.\;Шоу, Дж.\;Гэннон. -- М.\;:\;Мир, 1982. -- 368\;с.},
	language = {russian}
	}
@book{sbnorm,
	Title = {Сборник временных норм по ведению Государственного мониторинга геологической среды (состояния недр), информационной деятельности, цифоровому картографированию [Текст] -- Томск\;:\;ОГУП ТЦ Томскгеомониторинг, 2005. -- 27\;с.},
	language = {russian}
	}
@book{idef0,
	Title = {ГОСТ Р 50.1.028-2001 Информационные технологии поддержки жизненного цикла продукции. Методология функционального моделирования [Текст]. – Введ. 2001–07–02. – М. : Издательство стандартов, 2001.},
	language = {russian}
	}
@book{12119-2000,
	Title = {ГОСТ Р ИСО/МЭК 12119–2000. Информационная технология. Пакеты программ. Требование к качеству и тестирование [Текст]. – Введ. 2000–11–01. – М. : Издательство стандартов, 2001.},
	language = {russian}
	}	
@book{28195-89,
	Title = {ГОСТ 28195–89. Оценка качества программных средств. Общие положения [Текст]. – Введ. 1989–07–28. – М. : Издательство стандартов, 1989.},
	language = {russian}
	}
@book{34003-90,
	Title = {ГОСТ 34.003–90. Информационная технология. Комплекс стандартов на автоматизированные системы. Автоматизированные системы. Термины и определения [Текст] – Введ. 1990–12–27. – М. : Издательство стандартов, 1990.},
	language = {russian}
	}
@book{lipaev,
	Title = {Липаев,\;В.В. Технико-экономическое обоснование проектов сложных программных систем [Текст]\;/\; Владимир Липаев. \;--\;М.\;:\; СИНТЕГ, 2004. -- 284~c.},
	language = {russian}
	}
@book{15910-2002,
	Title = {ГОСТ Р ИСО/МЭК 15910-2002. Информационная технология. Процесс создания документации пользователя программного средства [Текст]. – Введ. 2002–06–25. – М. : Издательство стандартов, 2002.},
	language = {russian}
	}
@book{fatrell,
	Title = {Фатрелл,\;Роберт\;Т. Управление программными проектами. Достижение оптимального качества при минимуме затрат [Текст]\;/\;Роберт Т.\;Фатрелл, Дональд Ф.\;Шафер, Линда И.\;Шафер. -- М.\;:\;Изд. дом \elki{Вильямс}, 2004. -- 1136\;с.},
	language = {russian}
	}
@book{svr,
	Title = {Торшин,\;К.П. Охрана и оборона особо важных объектов [Текст]\;:\;учеб. пособие\;/\; К.П. Торшин [и др.] --\;М.,2005. -- 149~c.},
	language = {russian}
	}
@book{fso,
	Title = {Авдеев,\;К.А. Обеспечение безопасности объектов государственной охраны [Текст]\;:\;учеб. пособие\;/\; К.А. Авдеев [и др.]\;;\; под ред. Мурова А.Е.\;--\;М.\;:\; 2004. -- 141~c.},
	language = {russian}
	}
@book{eleron,
	Title = {Состояние и развитие систем физзащиты [Текст]\;:\;сборник научных трудов.\;/\;отв. ред. В.И.\;Ткаченко. -- М.\;:\;ПРО-практик, 2013. -- 244~c.},
	language = {russian}
	}
@book{leus,
	Title = {Шанаев,\;Г. Системы защиты периметра [Текст]\;/\; Геннадий Шанаев, Андрей Леус.\;--\;М.\;:\;Секьюрити Фокус, 2011. -- 280~c.},
	language = {russian}
	}
@book{garsia,
	Title = {Гарсиа,\;М. Проектирование и оценка систем физической защиты [Текст]\;/\;Мэри Линн Гарсиа\;--\;М.\;:\;Издательство АСТ, 2002. -- 386~c.},
	language = {russian}
	}
@book{otchet-ista,
	Title = {Отчеты по анализу уязвимости объектов. [Текст]},
	Address = {СПб.},
	Publisher = {Иста-Системс},
	Year = {2003-2010},
	language = {russian}
	}
@book{poligon,
	Title = {Программный комплекс \elki{Полигон}. Интернет-портал ФГУП \elki{СНПО \elki{Элерон}}\;:\;[Электронный ресурс]. -- URL\;:\;http://eleron.ru/poligon.html (дата обращения:\;12.12.2013).},
	language = {russian}
	}
@book{metodminatom,
	Title = {Системы физической защиты [Текст]\;:\;Методические рекомендации по проведению анализа уязвимости ядерно-опасных объектов. Введены распоряжением №~{167-р} Минатома России от 10.05.2001~г.},
	language = {russian}
	}
@book{vena,
	Title = {Конвенция о физической защите ядерного материала [Текст]\;:\; [принята в Вене 26.10.1979~г. Вступила в силу для СССР 8.02.1987~г.]},
	language = {russian}
	}
@book{boyar3,
	Title = {Бояринцев,\;А.В. Проблемы антитерроризма: обоснование и оценка выполнения требований к системам физической защиты объектов [Текст]\;/\;А.В.\;Бояринцев, А.Г.\;Зуев. -- Спб.\;:\;Иста-Системс, 2010. -- 280\;с.},
	language = {russian}
	}
	
@book{boyar2,
	Title = {Бояринцев,\;А.В. Проблемы антитерроризма: угрозы и модели нарушителей [Текст]\;/\;А.В.\;Бояринцев, А.Г.\;Зуев, А.В.\;Ничиков. -- Спб.\;:\;Иста-Системс, 2008. -- 218\;с.},
	language = {russian}
	}

@book{boyar1,
	Title = {Бояринцев,\;А.В. Проблемы антитерроризма: категорирование и анализ уязвимости объектов [Текст]\;/\;А.В.\;Бояринцев, А.Н.\;Бражник, А.Г.\;Зуев. -- Спб.\;:\;Иста-Системс, 2006. -- 251\;с.},
	language = {russian}
	}
	
@book{assess,
	Title = {Справочное руководство ASSESS [Текст]. -- М.\;:\;Мин. энергетики США, 1993. -- 260\;с.},
	language = {russian}
	}
@book{brodsky,
	Title = {Бродский,\;Ю.И. Распределенное имитационное моделирование сложных систем [Текст]\;/\;Юрий
	 Игоревич Бродский -- М.\;:\;Вычислительный центр им. А.А.\;Дородницына, 2010. -- 156\;с.},
	language = {russian}
	}
	
%%%%%%%%%%%%%%%%%%%%%%%%%%%%%%%%%%%%%%%%%%%%%%%%%%%%%%%%% Интернет-ресурсы %%%%%%%%%%%%%%%%%%%%%%%%%%%%%%%%%%%%%%%%%%%%%%%%%%%%%%%%%%%%%%%%%%%%%%

@online{vega2,
	title = {Программный комплекс \elki{Вега-2}. Интернет-портал ФГУП \elki{СНПО \elki{Элерон}}\;:\;[Электронный ресурс]. -- URL\;:\;http://eleron.ru/vega2.html (дата обращения:\;12.12.2013)},
	language = {russian}
	}
@online{sprut-ista,
	title = {Программный комплекс \elki{СПРУТ-ИСТА}. Интернет-портал ГК \elki{ИСТА}\;:\;[Электронный ресурс]. -- URL\;:\;http://ista.ru (дата обращения:\;20.03.2014).},
	language = {russian}
	}
@online{sprut-express,
	title = {Программный комплекс \elki{СПРУТ-Экспресс}. Интернет-портал ГК \elki{ИСТА}\;:\;[Электронный ресурс]. -- URL\;:\;http://ista.ru (дата обращения: 20.03.2014).},
	language = {russian}
	}
	